@inproceedings{Agrawala1997TRW,
 author = {Agrawala, Maneesh and Beers, Andrew C. and McDowall, Ian and Fr\"{o}hlich, Bernd and Bolas, Mark and Hanrahan, Pat},
 title = {The two-user Responsive Workbench: support for collaboration through individual views of a shared space},
 booktitle = {Proceedings of the 24th annual conference on Computer graphics and interactive techniques},
 series = {SIGGRAPH '97},
 year = {1997},
 isbn = {0-89791-896-7},
 pages = {327--332},
 numpages = {6},
 url = {http://dx.doi.org/10.1145/258734.258875},
 doi = {10.1145/258734.258875},
 publisher = {ACM Press/Addison-Wesley Publishing Co.},
 address = {New York, NY, USA},
 keywords = {Responsive Workbench, virtual environments},
}

@incollection{Angelo:2008,
 year={2008},
 isbn={978-3-540-89638-8},
 booktitle={Advances in Visual Computing},
 volume={5358},
 series={Lecture Notes in Computer Science},
 editor={Bebis, George and Boyle, Richard and Parvin, Bahram and Koracin, Darko and Remagnino, Paolo and Porikli, Fatih and Peters, Jörg and Klosowski, James and Arns, Laura and Chun, YuKa and Rhyne, Theresa-Marie and Monroe, Laura},
 doi={10.1007/978-3-540-89639-5_46},
 title={The Benefits of Co-located Collaboration and Immersion on Assembly Modeling in Virtual Environments},
 url={http://dx.doi.org/10.1007/978-3-540-89639-5_46},
 publisher={Springer Berlin Heidelberg},
 author={D’Angelo, David and Wesche, Gerold and Foursa, Maxim and Bogen, Manfred},
 pages={478-487}
}

@INPROCEEDINGS{Argelaguet:2010, 
 author={Argelaguet, F. and Kunert, A. and Kulik, A. and Froehlich, B.}, 
 booktitle={3D User Interfaces (3DUI), 2010 IEEE Symposium on},
 title={Improving co-located collaboration with show-through techniques},
 year={2010},
 pages={55-62}, 
 doi={10.1109/3DUI.2010.5444719},
}

@article{bayon:2006:multiple,
  title={Multiple decoupled interaction: An interaction design approach for groupware interaction in co-located virtual environments},
  author={Bayon, Victor and Griffiths, Gareth and Wilson, John R},
  journal={International journal of human-computer studies},
  volume={64},
  number={3},
  pages={192--206},
  year={2006},
  publisher={Elsevier}
}

@article{Beck2013GGT,
  title={Immersive group-to-group telepresence},
  author={Beck, Stephan and Kunert, Andr{\'e} and Kulik, Alexander and Froehlich, Bernd},
  journal={Visualization and Computer Graphics, IEEE Transactions on},
  volume={19},
  number={4},
  pages={616--625},
  year={2013},
  publisher={IEEE}
}

@inproceedings{Benford:1995:UEC,
 author = {Benford, Steve and Bowers, John and Fahl{\'e}n, Lennart E. and Greenhalgh, Chris and Snowdon, Dave},
 title = {User Embodiment in Collaborative Virtual Environments},
 booktitle = {Proceedings of the SIGCHI Conference on Human Factors in Computing Systems},
 series = {CHI '95},
 year = {1995},
 isbn = {0-201-84705-1},
 location = {Denver, Colorado, USA},
 pages = {242--249},
 numpages = {8},
 url = {http://dx.doi.org/10.1145/223904.223935},
 doi = {10.1145/223904.223935},
 acmid = {223935},
 publisher = {ACM Press/Addison-Wesley Publishing Co.},
 address = {New York, NY, USA},
}

@inproceedings{Benford:1996:SST,
 author = {Benford, Steve and Brown, Chris and Reynard, Gail and Greenhalgh, Chris},
 title = {Shared Spaces: Transportation, Artificiality, and Spatiality},
 booktitle = {Proceedings of the 1996 ACM Conference on Computer Supported Cooperative Work},
 series = {CSCW '96},
 year = {1996},
 isbn = {0-89791-765-0},
 location = {Boston, Massachusetts, USA},
 pages = {77--86},
 numpages = {10},
 url = {http://doi.acm.org/10.1145/240080.240196},
 doi = {10.1145/240080.240196},
 acmid = {240196},
 publisher = {ACM},
 address = {New York, NY, USA},
 keywords = {mediaspaces, shared spaces, virtual reality},
}

@article{Benford:2001:CVE,
 author = {Benford, Steve and Greenhalgh, Chris and Rodden, Tom and Pycock, James},
 title = {Collaborative virtual environments},
 journal = {Commun. ACM},
 issue_date = {July 2001},
 volume = {44},
 number = {7},
 month = jul,
 year = {2001},
 issn = {0001-0782},
 pages = {79--85},
 numpages = {7},
 url = {http://doi.acm.org/10.1145/379300.379322},
 doi = {10.1145/379300.379322},
 publisher = {ACM},
 address = {New York, NY, USA},
}

@article{cobb1999virtual,
  title={Virtual reality-induced symptoms and effects (VRISE)},
  author={Cobb, Sue VG and Nichols, Sarah and Ramsey, Amanda and Wilson, John R},
  journal={Presence: Teleoperators and Virtual Environments},
  volume={8},
  number={2},
  pages={169--186},
  year={1999},
  publisher={MIT Press},
  doi={10.1162/105474699566152}
}

@inproceedings{Cruz-Neira:1993:SPV,
 author = {Cruz-Neira, Carolina and Sandin, Daniel J. and DeFanti, Thomas A.},
 title = {Surround-screen projection-based virtual reality: the design and implementation of the CAVE},
 booktitle = {Proceedings of the 20th annual conference on Computer graphics and interactive techniques},
 series = {SIGGRAPH '93},
 year = {1993},
 isbn = {0-89791-601-8},
 location = {Anaheim, CA},
 pages = {135--142},
 numpages = {8},
 url = {http://doi.acm.org/10.1145/166117.166134},
 doi = {10.1145/166117.166134},
 acmid = {166134},
 publisher = {ACM},
 address = {New York, NY, USA},
}


@inproceedings{frohlich2005MultiViewer,
  title={Implementing Multi-Viewer Stereo Displays.},
  author={Fr{\"o}hlich, Bernd and Blach, Roland and Stefani, Oliver and Hochstrate, Jan and Hoffmann, J{\"o}rg and Kl{\"u}ger, Karsten and Bues, Matthias},
  booktitle={WSCG},
  pages={139--146},
  year={2005}
}


@article{Johanson:2002:IWP, 
 author={Johanson, B. and Fox, A. and Winograd, T.}, 
 journal={Pervasive Computing, IEEE}, 
 title={The Interactive Workspaces project: experiences with ubiquitous computing rooms}, 
 year={2002}, 
 volume={1}, 
 number={2}, 
 pages={67-74},
 doi={10.1109/MPRV.2002.1012339}, 
 ISSN={1536-1268},
}

@inproceedings{Kulik2011CSS,
 author = {Kulik, Alexander and Kunert, Andr{\'e} and Beck, Stephan and Reichel, Roman and Blach, Roland and Zink, Armin and Froehlich, Bernd},
 title = {C1x6: A Stereoscopic Six-user Display for Co-located Collaboration in Shared Virtual Environments},
 booktitle = {Proceedings of the 2011 SIGGRAPH Asia Conference},
 series = {SA '11},
 year = {2011},
 isbn = {978-1-4503-0807-6},
 location = {Hong Kong, China},
 pages = {188:1--188:12},
 articleno = {188},
 numpages = {12},
 url = {http://doi.acm.org/10.1145/2024156.2024222},
 doi = {10.1145/2024156.2024222},
 acmid = {2024222},
 publisher = {ACM},
 address = {New York, NY, USA},
 keywords = {collaboration, display technology, virtual reality},
}

@inproceedings{Kunz:2002:TSC,
 author = {Kunz, Andreas M. and Spagno, Christian P.},
 title = {Technical system for collaborative work},
 booktitle = {Proceedings of the workshop on Virtual environments 2002},
 series = {EGVE '02},
 year = {2002},
 isbn = {1-58113-535-1},
 location = {Barcelona, Spain},
 pages = {73--80},
 numpages = {8},
 url = {http://dl.acm.org/citation.cfm?id=509709.509722},
 publisher = {Eurographics Association},
 address = {Aire-la-Ville, Switzerland, Switzerland},
}


@book{melzer1997head,
  title={Head-mounted displays: designing for the user},
  author={Melzer, James E and Moffitt, Kirk Wayne},
  year={1997},
  publisher={McGraw-Hill New York, NY}
}

@article{Normand:2012:FBA,
 author = {Normand, Jean-Marie and Spanlang, Bernhard and Tecchia, Franco and Carrozzino, Marcello and Swapp, David and Slater, Mel},
 title = {Full Body Acting Rehearsal in a Networked Virtual Environment-a Case Study},
 journal = {Presence: Teleoper. Virtual Environ.},
 issue_date = {Spring 2012},
 volume = {21},
 number = {2},
 month = apr,
 year = {2012},
 issn = {1054-7460},
 pages = {229--243},
 numpages = {15},
 url = {http://dx.doi.org/10.1162/PRES_a_00089},
 doi = {10.1162/PRES_a_00089},
 acmid = {2330733},
 publisher = {MIT Press},
 address = {Cambridge, MA, USA},
}

@inproceedings{Ogi:2001:immer, 
 author={Ogi, T. and Yamada, T. and Tamagawa, K. and Kano, M. and Hirose, M.}, 
 booktitle={Virtual Reality, 2001. Proceedings. IEEE}, 
 title={Immersive telecommunication using stereo video avatar}, 
 year={2001}, 
 pages={45-51},
 doi={10.1109/VR.2001.913769},
}

@inproceedings{riege2006bent,
  title={The bent pick ray: An extended pointing technique for multi-user interaction},
  author={Riege, Kai and Holtkamper, Thorsten and Wesche, Gerold and Frohlich, Bernd},
  booktitle={3D User Interfaces, 2006. 3DUI 2006. IEEE Symposium on},
  pages={62--65},
  year={2006},
  organization={IEEE}
}

@inproceedings{Roberts:2004:SSH,
 author = {Roberts, David and Wolff, Robin and Otto, Oliver and Kranzlmueller, Dieter and Anthes, Christoph and Steed, Anthony},
 title = {Supporting social human communication between distributed walk-in displays},
 booktitle = {Proceedings of the ACM symposium on Virtual reality software and technology},
 series = {VRST '04},
 year = {2004},
 isbn = {1-58113-907-1},
 location = {Hong Kong},
 pages = {81--88},
 numpages = {8},
 url = {http://doi.acm.org/10.1145/1077534.1077550},
 doi = {10.1145/1077534.1077550},
 publisher = {ACM},
 address = {New York, NY, USA},
 keywords = {CVE, consistency control, event traffic, human interaction},
}

@inproceedings{Salzmann2008TUS,
 author={Salzmann, H. and Froehlich, B.},
 booktitle={Virtual Reality Conference, 2008. VR '08. IEEE},
 title={The Two-User Seating Buck: Enabling Face-to-Face Discussions of Novel Car Interface Concepts},
 year={2008},
 pages={75-82},
 doi={10.1109/VR.2008.4480754},
}

@inproceedings{Salzmann2009CIC,
 author = {Salzmann, H. and Jacobs, J. and Froehlich, B.},
 title = {Collaborative interaction in co-located two-user scenarios},
 booktitle = {Proceedings of the 15th Joint virtual reality Eurographics conference on Virtual Environments},
 series = {JVRC'09},
 year = {2009},
 isbn = {978-3-905674-20-0},
 location = {Lyon, France},
 pages = {85--92},
 numpages = {8},
 url = {http://dx.doi.org/10.2312/EGVE/JVRC09/085-092},
 doi = {10.2312/EGVE/JVRC09/085-092},
 publisher = {Eurographics Association},
 address = {Aire-la-Ville, Switzerland, Switzerland},
}

@article{Salzmann2009VRPointing,
 author = {Holger Salzmann and Mathias Moehring and Bernd Froehlich},
 title = {Virtual vs. Real-World Pointing in Two-User Scenarios},
 journal ={2014 IEEE Virtual Reality (VR)},
 volume = {0},
 isbn = {978-1-4244-3943-0},
 year = {2009},
 pages = {127-130},
 doi = {http://doi.ieeecomputersociety.org/10.1109/VR.2009.4811011},
 publisher = {IEEE Computer Society},
 address = {Los Alamitos, CA, USA},
}

@article{schmalstieg2002studierstube,
  title={The studierstube augmented reality project},
  author={Schmalstieg, Dieter and Fuhrmann, Anton and Hesina, Gerd and Szalav{\'a}ri, Zsolt and Encarna{\c{c}}ao, L Miguel and Gervautz, Michael and Purgathofer, Werner},
  journal={Presence: Teleoperators and Virtual Environments},
  volume={11},
  number={1},
  pages={33--54},
  year={2002},
  publisher={MIT Press}
}

@article{schroeder2001collaborating,
  title={Collaborating in networked immersive spaces: as good as being there together?},
  author={Schroeder, Ralph and Steed, Anthony and Axelsson, Ann-Sofie and Heldal, Ilona and Abelin, {\AA}sa and Widestr{\"o}m, Josef and Nilsson, Alexander and Slater, Mel},
  journal={Computers \& Graphics},
  volume={25},
  number={5},
  pages={781--788},
  year={2001},
  publisher={Elsevier}
}

@article{simon:2007:usa,
  title={Usability of multiviewpoint images for spatial interaction in projection-based display systems},
  author={Simon, Andreas},
  journal={Visualization and Computer Graphics, IEEE Transactions on},
  volume={13},
  number={1},
  pages={26--33},
  year={2007},
  publisher={IEEE}
}

@article{slater:1994:body,
  title={Body centred interaction in immersive virtual environments},
  author={Slater, Mel and Usoh, Martin},
  journal={Artificial life and virtual reality},
  volume={1},
  year={1994},
  publisher={John Wiley}
}

@article{slater1994depth,
  title={Depth of presence in virtual environments},
  author={Slater, Mel and Usoh, Martin and Steed, Anthony},
  journal={Presence},
  volume={3},
  number={2},
  pages={130--144},
  year={1994}
}

@article{slater2000small,
  title={Small-group behavior in a virtual and real environment: A comparative study},
  author={Slater, Mel and Sadagic, Amela and Usoh, Martin and Schroeder, Ralph},
  journal={Presence: Teleoperators and virtual environments},
  volume={9},
  number={1},
  pages={37--51},
  year={2000},
  publisher={MIT Press}
}

@article{sperling1960information,
  title={The information available in brief visual presentations.},
  author={Sperling, George},
  journal={Psychological monographs: General and applied},
  volume={74},
  number={11},
  pages={1},
  year={1960},
  publisher={American Psychological Association}
}

@incollection{thalmann2001role,
  title={The role of virtual humans in virtual environment technology and interfaces},
  author={Thalmann, Daniel},
  booktitle={Frontiers of Human-Centered Computing, Online Communities and Virtual Environments},
  pages={27--38},
  year={2001},
  publisher={Springer}
}

@incollection{vera:2011:augmented,
  title={Augmented mirror: interactive augmented reality system based on kinect},
  author={Vera, Luc{\'\i}a and Gimeno, Jes{\'u}s and Coma, Inmaculada and Fern{\'a}ndez, Marcos},
  booktitle={Human-Computer Interaction--INTERACT 2011},
  pages={483--486},
  year={2011},
  publisher={Springer}
}